@inproceedings{dwork2008differential,
  title={Differential privacy: A survey of results},
  author={Dwork, Cynthia},
  booktitle={International Conference on Theory and Applications of Models of Computation},
  pages={1--19},
  year={2008},
  organization={Springer}
}

@article{dwork2014algorithmic,
	title={The algorithmic foundations of differential privacy},
	author={Dwork, Cynthia and Roth, Aaron and others},
	journal={Foundations and Trends{\textregistered} in Theoretical Computer Science},
	volume={9},
	number={3--4},
	pages={211--407},
	year={2014},
	publisher={Now Publishers, Inc.}
}

@incollection{dwork2011differential,
	title={Differential privacy},
	author={Dwork, Cynthia},
	booktitle={Encyclopedia of Cryptography and Security},
	pages={338--340},
	year={2011},
	publisher={Springer}
}

@inproceedings{dwork2006our,
	title={Our data, ourselves: Privacy via distributed noise generation},
	author={Dwork, Cynthia and Kenthapadi, Krishnaram and McSherry, Frank and Mironov, Ilya and Naor, Moni},
	booktitle={Annual International Conference on the Theory and Applications of Cryptographic Techniques},
	pages={486--503},
	year={2006},
	organization={Springer}
}

@inproceedings{mcsherry2007mechanism,
	title={Mechanism design via differential privacy},
	author={McSherry, Frank and Talwar, Kunal},
	booktitle={Foundations of Computer Science, 2007. FOCS'07. 48th Annual IEEE Symposium on},
	pages={94--103},
	year={2007},
	organization={IEEE}
}

@inproceedings{dwork2006calibrating,
	title={Calibrating noise to sensitivity in private data analysis},
	author={Dwork, Cynthia and McSherry, Frank and Nissim, Kobbi and Smith, Adam},
	booktitle={Theory of Cryptography Conference},
	pages={265--284},
	year={2006},
	organization={Springer}
}

@article{simon1774memoire,
	title={M{\'e}moire sur la probabilit{\'e} des causes par les {\'e}v{\`e}nements},
	author={Simon, Laplace Pierre and others},
	journal={M{\'e}moires pr{\'e}sent{\'e}s par divers savants [{\`a} lâ€™Acad{\'e}mie royale des sciences], Paris, Imprimerie royale},
	volume={6},
	pages={621--656},
	year={1774}
}

@article{gupta2013privately,
	title={Privately releasing conjunctions and the statistical query barrier},
	author={Gupta, Anupam and Hardt, Moritz and Roth, Aaron and Ullman, Jonathan},
	journal={SIAM Journal on Computing},
	volume={42},
	number={4},
	pages={1494--1520},
	year={2013},
	publisher={SIAM}
}

@article{kasiviswanathan2011can,
	title={What can we learn privately?},
	author={Kasiviswanathan, Shiva Prasad and Lee, Homin K and Nissim, Kobbi and Raskhodnikova, Sofya and Smith, Adam},
	journal={SIAM Journal on Computing},
	volume={40},
	number={3},
	pages={793--826},
	year={2011},
	publisher={SIAM}
}

@inproceedings{erlingsson2014rappor,
	title={Rappor: Randomized aggregatable privacy-preserving ordinal response},
	author={Erlingsson, {\'U}lfar and Pihur, Vasyl and Korolova, Aleksandra},
	booktitle={Proceedings of the 2014 ACM SIGSAC conference on computer and communications security},
	pages={1054--1067},
	year={2014},
	organization={ACM}
}

@article{fanti2016building,
	title={Building a RAPPOR with the unknown: Privacy-preserving learning of associations and data dictionaries},
	author={Fanti, Giulia and Pihur, Vasyl and Erlingsson, {\'U}lfar},
	journal={Proceedings on Privacy Enhancing Technologies},
	volume={2016},
	number={3},
	pages={41--61},
	year={2016}
}

@inproceedings{bassily2015local,
	title={Local, private, efficient protocols for succinct histograms},
	author={Bassily, Raef and Smith, Adam},
	booktitle={Proceedings of the Forty-Seventh Annual ACM on Symposium on Theory of Computing},
	pages={127--135},
	year={2015},
	organization={ACM}
}

@inproceedings{qin2016heavy,
	title={Heavy Hitter Estimation over Set-Valued Data with Local Differential Privacy},
	author={Qin, Zhan and Yang, Yin and Yu, Ting and Khalil, Issa and Xiao, Xiaokui and Ren, Kui},
	booktitle={Proceedings of the 2016 ACM SIGSAC Conference on Computer and Communications Security},
	pages={192--203},
	year={2016},
	organization={ACM}
}

@inproceedings{mcsherry2009privacy,
	title={Privacy integrated queries: an extensible platform for privacy-preserving data analysis},
	author={McSherry, Frank D},
	booktitle={Proceedings of the 2009 ACM SIGMOD International Conference on Management of data},
	pages={19--30},
	year={2009},
	organization={ACM}
}
